@article{xu-2019,
	author = {given-i=C, given=Chunrong, family=Xu and given-i=P, given=Pan, family=Zhang and given-i=Q, given=Qiaojun, family=Xiang and given-i=G, given=Guiqiu, family=Chang and given-i=M, given=Ming, family=Zhang and given-i=L, given=Lei, family=Zhang and given-i=T, given=Ting, family=Li and given-i=C, given=Chen, family=Qiao and given-i=Y, given=Yu, family=Qin and given-i=P, given=Peian, family=Lou},
	date = {2019-10-03},
	doi = {10.1038/s41598-019-50814-9},
	journaltitle = {Scientific Reports},
	number = {1},
	publisher = {Nature Portfolio},
	title = {Relationship between subjective sleep disturbances and glycaemia in Chinese adults with type 2 diabetes: findings from a 1.5-year follow-up study},
	url = {https://doi.org/10.1038/s41598-019-50814-9},
	volume = {9},
}

@article{zhu-2017,
	author = {given-i=B, given=Bingqian, family=Zhu and given-i=PE, given={Patricia E.}, family=Hershberger and given-i=MC, given={Mary C.}, family=Kapella and given-i=C, given=Cynthia, family=Fritschi},
	date = {2017-07-17},
	doi = {10.1111/jocn.13899},
	journaltitle = {Journal of Clinical Nursing},
	number = {23-24},
	pages = {4053--4064},
	publisher = {Wiley-Blackwell},
	title = {The relationship between sleep disturbance and glycaemic control in adults with type 2 diabetes: An integrative review},
	url = {https://doi.org/10.1111/jocn.13899},
	volume = {26},
}

@article{smyth-2020,
	author = {given-i=A, given=Aisling, family=Smyth and given-i=MA, given={Mark A.}, family=Jenkins and given-i=M, given=Melissa, family=Dunham and given-i=Y, given=Yvonne, family=Kutzer and given-i=S, given=Shahrad, family=Taheri and given-i=L, given=Lisa, family=Whitehead},
	date = {2020-12-01},
	doi = {10.1016/j.diabres.2020.108532},
	journaltitle = {Diabetes Research and Clinical Practice},
	pages = {108532},
	publisher = {Elsevier BV},
	title = {Systematic review of clinical practice guidelines to identify recommendations for sleep in type 2 diabetes mellitus management},
	url = {https://doi.org/10.1016/j.diabres.2020.108532},
	volume = {170},
}

@article{perfect-2020,
	author = {given-i=MM, given={Michelle M.}, family=Perfect},
	date = {2020-02-01},
	doi = {10.2147/nss.s152555},
	journaltitle = {Nature and Science of Sleep},
	pages = {101--123},
	publisher = {Dove Medical Press},
	title = {Sleep-related disorders in patients with type 1 diabetes mellitus: current insights},
	url = {https://doi.org/10.2147/nss.s152555},
	volume = {Volume 12},
}

@article{perez-2018,
	author = {given-i=KM, given={Katia M.}, family=Perez and given-i=ER, given={Emily R.}, family=Hamburger and given-i=M, given=Morgan, family=Lyttle and given-i=R, given=Rodayne, family=Williams and given-i=EM, given={Erin M.}, family=Bergner and given-i=S, given=Sachini, family=Kahanda and given-i=E, given=Erin, family=Cobry and given-i=SS, given={Sarah S.}, family=Jaser},
	date = {2018-02-01},
	doi = {10.1007/s11892-018-0974-8},
	journaltitle = {Current Diabetes Reports},
	number = {2},
	publisher = {Springer Science+Business Media},
	title = {Sleep in Type 1 diabetes: Implications for glycemic control and diabetes management},
	url = {https://doi.org/10.1007/s11892-018-0974-8},
	volume = {18},
}

@article{koren-2014,
	author = {Koren, Dorit and O'Sullivan, Katie L and Mokhlesi, Babak},
	journal = {Current Diabetes Reports},
	month = {11},
	number = {1},
	publisher = {Springer Science+Business Media},
	title = {{Metabolic and glycemic sequelae of sleep disturbances in children and adults}},
	volume = {15},
	year = {2014},
	doi = {10.1007/s11892-014-0562-5},
	url = {https://doi.org/10.1007/s11892-014-0562-5},
}

@article{khandelwal-2017,
	author = {given-i=D, given=Deepak, family=Khandelwal and given-i=D, given=Deep, family=Dutta and given-i=S, given=Sachin, family=Chittawar and given-i=S, given=Sanjay, family=Kalra},
	date = {2017-01-01},
	doi = {10.4103/ijem.ijem_156_17},
	journaltitle = {Indian Journal of Endocrinology and Metabolism},
	number = {5},
	pages = {758},
	publisher = {Medknow},
	title = {Sleep disorders in type 2 diabetes},
	url = {https://doi.org/10.4103/ijem.ijem_156_17},
	volume = {21},
}

@article{van-dijk-2011,
	author = {given-i=M, given=Marie, family={Van Dijk} and given-i=E, given=Esther, family=Donga and given-i=JG, given={J. Gert}, family={Van Dijk} and given-i=GJ, given={Gert Jan}, family=Lammers and given-i=KW, given={Klaas W.}, family={Van Kralingen} and given-i=OM, given={Olaf M.}, family=Dekkers and given-i=EPM, given={Eleonora P M}, family=Corssmit and given-i=JA, given={Johannes A.}, family=Romijn},
	date = {2011-05-15},
	doi = {10.1007/s00125-011-2184-7},
	journaltitle = {Diabetologia},
	number = {8},
	pages = {1967--1976},
	publisher = {Springer Science+Business Media},
	title = {Disturbed subjective sleep characteristics in adult patients with long-standing type 1 diabetes mellitus},
	url = {https://doi.org/10.1007/s00125-011-2184-7},
	volume = {54},
}

@article{chontong-2016,
	author = {given-i=S, given=Sasipas, family=Chontong and given-i=S, given=Sunee, family=Saetung and given-i=S, given=Sirimon, family=Reutrakul},
	date = {2016-02-23},
	doi = {10.1111/jsr.12393},
	journaltitle = {Journal of Sleep Research},
	number = {4},
	pages = {438--444},
	publisher = {Wiley},
	title = {Higher sleep variability is associated with poorer glycaemic control in patients with type 1 diabetes},
	url = {https://doi.org/10.1111/jsr.12393},
	volume = {25},
}

@online{cudis-2021,
	author = {given=Christine, family=Cudis},
	date = {2021-05},
	title = {Diabetes among top killer diseases in PH},
	url = {https://www.pna.gov.ph/articles/1139440},
}
